@book{charte2003programacion,
  title={Programaci{\'o}n en GNU/Linux},
  author={Charte, F. and Ojeda, F.C.},
  isbn={9788441515444},
  url={https://books.google.co.cr/books?id=IgmpAAAACAAJ},
  year={2003},
  publisher={ANAYA MULTIMEDIA}

@book{silva2008debian,
  title={Debian GNU/Linux Para El Usuario Final},
  author={Silva, I.A.B.},
  isbn={9781430325956},
  url={https://books.google.co.cr/books?id=inC-w\_IK2EcC},
  year={2008},
  publisher={Lulu.com}
}

@mastersthesis{badillo2015estudio,
  title={Estudio comparativo de las distribuciones Linux orientado a la seguridad de redes de comunicaci{\'o}n},
  author={Badillo Bernal, David Hern{\'a}n},
  year={2015},
  school={PUCE}
}

@book{tanenbaum2003sistemas,
  title={Sistemas operativos modernos},
  author={Tanenbaum, A.S. and Garc{\'\i}a, R.E.},
  isbn={9789702603153},
  series={Area : universitarios},
  url={https://books.google.co.cr/books?id=g88A4rxPH3wC},
  year={2003},
  publisher={Pearson Educaci{\'o}n}
}

@book{sanchis2002sistemas,
  title={Sistemas electr{\'o}nicos digitales: Fundamentos y dise{\~n}o de aplicaciones},
  author={Sanch{\'\i}s, E. and Peris, E.S.},
  isbn={9788437055176},
  series={Educaci{\'o} / Universitat de Val{\`e}ncia: Materials},
  url={https://books.google.co.cr/books?id=BVsAt1emTUkC},
  year={2002},
  publisher={Universidad de Val{\`e}ncia Servicio de Publicaciones}
}

@book{wolf2015fundamentos,
  title={Fundamentos de sistemas operativos},
  author={Wolf, G.},
  isbn={9786070265440},
  url={https://books.google.co.cr/books?id=836YCgAAQBAJ},
  year={2015},
  publisher={Instituto de Investigaciones Econ{\'o}micas UNAM}
}

@book{jorba2004administracion,
  title={Administraci{\'o}n avanzada de GNU-Linux: Software libre},
  author={Jorba Esteve, Josep and Suppi Boldrito, Remo and Meg{\'\i}as Jim{\'e}nez, David and Mas, Jordi},
  year={2004},
  publisher={Barcelona, Fundaci{\'o} per a la Universitat Oberta de Catalunya. 2012.}
}

